@techreport{sherry2012survey,
  title={A Survey of Enterprise Middlebox Deployments},
  author={Sherry, Justine and Ratnasamy, Sylvia},
  year={2012},
  institution={Tech. Rep. UCB/EECS-2012-24, EECS Department, University of California, Berkeley}
}
@article{qazi2013simple,
  title={SIMPLE-fying middlebox policy enforcement using SDN},
  author={Qazi, ZA and Tu, CC and Chiang, L and Miao, R and Vyas, S},
  journal={Proceedings of the ACM SIGCOMM, Hong Kong},
  year={2013}
}
@article{fayazbakhsh2013flowtags,
  title={FlowTags: Enforcing Network-Wide Policies in the Presence of Dynamic Middlebox Actions},
  author={Fayazbakhsh, S and Sekar, Vyas and Yu, Minlan and Mogul, J},
  journal={Proc. HotSDN},
  year={2013}
}
@article{jhala2009software,
  title={Software model checking},
  author={Jhala, Ranjit and Majumdar, Rupak},
  journal={ACM Computing Surveys (CSUR)},
  volume={41},
  number={4},
  pages={21},
  year={2009},
  publisher={ACM}
}
@inproceedings{cadar2011symbolic,
  title={Symbolic execution for software testing in practice: preliminary assessment},
  author={Cadar, Cristian and Godefroid, Patrice and Khurshid, Sarfraz and P{\u{a}}s{\u{a}}reanu, Corina S and Sen, Koushik and Tillmann, Nikolai and Visser, Willem},
  booktitle={Proceedings of the 33rd International Conference on Software Engineering},
  pages={1066--1071},
  year={2011},
  organization={ACM}
}
@incollection{han2007providing,
  title={Providing evidence of likely being on time: Counterexample generation for CTMC model checking},
  author={Han, Tingting and Katoen, Joost-Pieter},
  booktitle={Automated Technology for Verification and Analysis},
  pages={331--346},
  year={2007},
  publisher={Springer}
}
@inproceedings{cadar2008klee,
  title={KLEE: Unassisted and Automatic Generation of High-Coverage Tests for Complex Systems Programs.},
  author={Cadar, Cristian and Dunbar, Daniel and Engler, Dawson R},
  booktitle={OSDI},
  volume={8},
  pages={209--224},
  year={2008}
}
@article{schmidt2006guest,
  title={Guest editor's introduction: Model-driven engineering},
  author={Schmidt, Douglas C},
  journal={Computer},
  volume={39},
  number={2},
  pages={0025--31},
  year={2006},
  publisher={IEEE Computer Society}
}
@inproceedings{knapp2002model,
  title={Model checking and code generation for UML state machines and collaborations},
  author={Knapp, Alexander and Merz, Stephan},
  booktitle={Proceedings of 5th Workshop on Tools for System Design and Verification, Technical Report},
  volume={11},
  pages={59--64},
  year={2002},
  organization={Citeseer}
}
@article{nelson2013balance,
  title={A Balance of Power: Expressive, Analyzable Controller Programming},
  author={Nelson, Tim and Guha, Arjun and Dougherty, Daniel J and Fisler, Kathi and Krishnamurthi, Shriram},
  year={2013}
}
@article{khurshid2012veriflow,
  title={VeriFlow: Verifying network-wide invariants in real time},
  author={Khurshid, Ahmed and Zhou, Wenxuan and Caesar, Matthew and Godfrey, P},
  journal={ACM SIGCOMM Computer Communication Review},
  volume={42},
  number={4},
  pages={467--472},
  year={2012},
  publisher={ACM}
}
@article{kazemian2012header,
  title={Header space analysis: Static checking for networks},
  author={Kazemian, Peyman and Varghese, George and McKeown, Nick},
  journal={NSDI, Apr},
  year={2012}
}
@inproceedings{guha2013machine,
  title={Machine-verified network controllers.},
  author={Guha, Arjun and Reitblatt, Mark and Foster, Nate},
  booktitle={PLDI},
  pages={483--494},
  year={2013}
}

